@misc{img:svd,
  title  = {Computational algorithms to predict Gene Ontology annotations - Scientific Figure on ResearchGate},
  author = {Davide Chicco},
  year   = 2015,
  month  = {04},
  url    = {https://www.researchgate.net/figure/Truncated-Singular-Value-Decomposition-Given-a-truncation-level-k-an-approximation-of_fig5_275587268},
  note   = {[visited on 11/11/2021]}
}
 @misc{wiki:CBOW,
  author = {Wikimedia Commons},
  title  = {File:CBOW.png --- Wikimedia Commons{,} the free media repository},
  year   = {2020},
  url    = {https://commons.wikimedia.org/w/index.php?title=File:CBOW.png&oldid=505345946},
  note   = {[Online; accessed 12/11/2021]}
}
 @misc{wiki:Skipgram,
  author = {Wikimedia Commons},
  title  = {File:Skipgram.png --- Wikimedia Commons{,} the free media repository},
  year   = {2020},
  url    = {https://commons.wikimedia.org/w/index.php?title=File:Skipgram.png&oldid=506212658},
  note   = {[Online; accessed 12/11/2021]}
}
 @misc{wiki:PrecisionRecall,
  author = {Wikimedia Commons},
  title  = {File:Precisionrecall.svg --- Wikimedia Commons{,} the free media repository},
  year   = {2021},
  url    = {https://commons.wikimedia.org/w/index.php?title=File:Precisionrecall.svg&oldid=605816922},
  note   = {[Online; accessed 24/11/2021; modified]}
}
