@misc{web:GartnerFourAnalyticTypesV5,
  author = {Jason McNellis},
  title  = {Gartner Four Analytic Types},
  year   = {2019},
  url    = {https://blogs.gartner.com/jason-mcnellis/files/2019/11/GartnerFourAnalyticTypesV5.jpg},
  note   = {[Online; accessed 13/03/2022]}
}

@article{lavravc2020propositionalization,
  title={Propositionalization and embeddings: two sides of the same coin},
  author={Lavra{\v{c}}, Nada and {\v{S}}krlj, Bla{\v{z}} and Robnik-{\v{S}}ikonja, Marko},
  journal={Machine Learning},
  volume={109},
  number={7},
  pages={1465--1507},
  year={2020},
  publisher={Springer}
}

@misc{web:TomekLinks,
  author = {Rahul Agarwal},
  title  = {The 5 most useful Techniques to Handle Imbalanced datasets},
  year   = {2020},
  url    = {https://mlwhiz.com/images/imbal/1_hubf0730b098fff787d09b5f9aa956817e_24275_500x0_resize_box_2.png},
  note   = {[Online; accessed 14/03/2022]}
}
