@article{img:cnn-architecture,
	title        = {A High-Accuracy Model Average Ensemble of Convolutional Neural Networks for Classification of Cloud Image Patches on Small Datasets},
	author       = {Phung and Rhee},
	year         = 2019,
	month        = 10,
	journal      = {Applied Sciences},
	volume       = 9,
	pages        = 4500,
	doi          = {10.3390/app9214500}
}
@article{img:rnn-ffnn,
	title        = {The role of AI in capital structure to enhance corporate funding strategies},
	author       = {Eliasy, Ashkan and Przychodzen, Justyna},
	year         = 2020,
	month        = {07},
	journal      = {Array},
	volume       = 6,
	pages        = 100017,
	doi          = {10.1016/j.array.2020.100017}
}
@misc{img:model-complexity,
	title        = {Bias-Variance Tradeoff in Machine Learning | LearnOpenCV},
	author       = {Satya Mallick},
	year         = 2017,
	month        = {02},
	url          = {https://learnopencv.com/bias-variance-tradeoff-in-machine-learning/},
	note         = {[visited on 21/10/2021]}
}
